%%%
% info3.bib
% Mitschrieb Informatik III, Bibliographie
%%%

@BOOK{sedgewick,
   author = "Robert Sedgewick",
   title = "Algorithmen in C++",
   publisher = "Addison-Wesley (Deutschland) GmbH",
   edition = "1",
   year = "1992"
}

@BOOK{TeXbook,
   author = "Donald Ervin Knuth",
   title = "Computers and Typesetting A: The \TeX book",
   publisher = "American Mathematical Society und Addison-Wesley
                  Publishing Company",
   edition = "11",
   year = "1991"
}

@BOOK{aho,
   author = "Alfred V. Aho and Jeffrey D. Ullman",
   title =  "Informatik --- Datenstrukturen und Konzepte der
                  Abstraktion",
   publisher = "International Thomson Publishing GmbH",
   edition = "1",
   year = "1996"
}

@BOOK{knuth1,
   author = "Donald Ervin Knuth",
   title = "The Art of Computer Programming --- Volume I: Fundamental
                  Algorithms",
   publisher = "Addison Wesley Longman",
   edition = "3",
   year = "1997"
}

@BOOK{knuth2,
   author = "Donald Ervin Knuth",
   title = "The Art of Computer Programming --- Volume II:
                  Seminumerical Algorithms",
   publisher = "Addison Wesley Longman",
   edition = "3",
   year = "1997"
}

@BOOK{kopka,
   author = "Helmut Kopka",
   title = "\LaTeX: Eine Einf"uhrung Band 1",
   publisher = "Addison-Wesley (Deutschland) GmbH",
   edition = "1",
   year = "1994"
}

@BOOK{companion,
   author = "Michel Goossens and Frank Mittelbach and Alexander Samarin",
   title = "Der \LaTeX-Begleiter",
   publisher = "Addison-Wesley (Deutschland) GmbH",
   edition = "1",
   year = "1994"
}

@BOOK{manber,
   author = "Udi Manber",
   title = "Introduction to Algorithms --- A Creative Approach",
   publisher = "Addison Wesley Longman",
   edition = "1",
   year = "1996"
}

@BOOK{unixNutshell,
   author = "Daniel Gilly",
   title = "UNIX in a Nutshell",
   publisher = "O'Reilly/International Thomson Verlag GmbH \& Co KG",
   edition = "1",
   year = "1995"
}

@BOOK{illuminatus,
   author = "Robert J. Shea and Robert Anton Wilson",
   title = "The Illuminatus! Trilogy",
   publisher = "Dell Publishing",
   edition = "2",
   year = "1988"
}

@BOOK{geb,
   author = "Douglas R. Hofstadter",
   title = "G"odel, Escher, Bach: An Eternal Golden Braid",
   publisher = "Vintage Books",
   year = "1980"
}

@BOOK{thhgttg,
   author = "Douglas Adams",
   title = "The More Than Complete Hitchhiker's Guide to the Galaxy ---
                 Complete and Unabridged",
   publisher = "Longmeadow Press",
   year = "1991"
}

@BOOK{thhgttgMostlyHarmless,
   author = "Douglas Adams",
   title = "Mostly Harmless",
   publisher = "Pan Books",
   year = "1993"
}

@BOOK{bronstein,
   author = "Il'ja Nikolaevi\v{c} Bron\v{s}tejn and Konstantin
                  Adol'fovi\v{c} Semendjaev",
   editors = "Doz. Dr. G. Grosche and Dr. V. Ziegler and D. Ziegler",
   title = "Taschenbuch der Mathematik",
   publisher = "Verlag Harri Deutsch",
   edition = "21",
   year = "1984"
}

@BOOK{bronsteinZusatz,
   author = "Il'ja Nikolaevi\v{c} Bron\v{s}tejn and Konstantin
                  Adol'fovi\v{c} Semendjaev",
   editors = "Doz. Dr. G. Grosche and Dr. V. Ziegler and D. Ziegler",
   title = "Taschenbuch der Mathematik: Erg"anzende Kapitel",
   publisher = "Verlag Harri Deutsch",
   edition = "4",
   year = "1986"
}

@BOOK{randAlgo,
   author = "Motwani and Raghawan",
   title = "Randomized Algorithms",
   publisher = "Springer-Verlag",
   year = "1995"
}

